@Manual{Heewon2011R,
  title = {KoNLP: Korean NLP Package},
  author = {Heewon Jeon},
  year = {2011},
  note = {R package version 0.76.9},
  url = {http://CRAN.R-project.org/package=KoNLP},
}

@Manual{knitr2012R,
  title = {knitr: A general-purpose package for dynamic report generation in R},
  author = {Yihui Xie},
  year = {2012},
  note = {R package version 0.9},
  url = {http://CRAN.R-project.org/package=knitr},
}

